@InProceedings{carpentier2019pinocchio,
  title		= {The {P}inocchio C++ library, a fast and flexible
		  implementation of rigid body dynamics algorithms and their
		  analytical derivatives},
  author	= {Carpentier, Justin and Saurel, Guilhem and Buondonno,
		  Gabriele and Mirabel, Joseph and Lamiraux, Florent and
		  Stasse, Olivier and Mansard, Nicolas},
  booktitle	= {IEEE International Symposium on System Integrations},
  year		= {2019}
}


@InProceedings{torresalberto:hal-03621688,
  title		= {{A linearization method based on Lie algebra for pose
		  estimation in a time horizon}},
  author	= {Torres Alberto, Nicolas and Joseph, Lucas and Padois,
		  Vincent and Daney, David},
  booktitle	= {{18th International Symposium on Advances in Robot
		  Kinematics}},
  address	= {Bilbao, Spain},
  year		= {2022},
  month		= jun
}

@unpublished{torresalberto:hal-04073876,
  TITLE = {{Model Predictive Control for robots adapting their task space motion online}},
  AUTHOR = {Torres Alberto, Nicolas and Skuric, Antun and Joseph, Lucas and Padois, Vincent and Daney, David},
  URL = {https://inria.hal.science/hal-04073876},
  NOTE = {working paper or preprint},
  YEAR = {2023},
  MONTH = Apr,
  KEYWORDS = {Model predictive control MPC ; Robotic Arm ; Trajectory planning/re-planning},
  PDF = {https://inria.hal.science/hal-04073876/file/main.pdf},
  HAL_ID = {hal-04073876},
  HAL_VERSION = {v1},
}

@Article{	  berscheid2021jerk,
  title		= {Jerk-limited Real-time Trajectory Generation with
		  Arbitrary Target States},
  author	= {Berscheid, Lars and Kr{\"o}ger, Torsten},
  journal	= {Robotics: Science and Systems XVII},
  year		= {2021}
}